@article{whitten2013accounting,
  title={Accounting for cohort-specific variable growth in fisheries stock assessments: a case study from south-eastern Australia},
  author={Whitten, Athol R and Klaer, Neil L and Tuck, Geoffrey N and Day, Robert W},
  journal={Fisheries Research},
  volume={142},
  pages={27--36},
  year={2013},
  publisher={Elsevier}
}

@article{punt2020model,
  title={When are model-based stock assessments rejected for use in management and what happens then?},
  author={Punt, Andr{\'e} E and Tuck, Geoffrey N and Day, Jemery and Canales, Cristian M and Cope, Jason M and de Moor, Carryn L and De Oliveira, Jos{\'e} AA and Dickey-Collas, Mark and Elvarsson, Bjarki {\TH} and Haltuch, Melissa A and others},
  journal={Fisheries Research},
  volume={224},
  pages={105465},
  year={2020},
  publisher={Elsevier}
}

@article{dickey2007precisely,
  title={Precisely wrong or vaguely right: simulations of noisy discard data and trends in fishing effort being included in the stock assessment of North Sea plaice},
  author={Dickey-Collas, Mark and Pastoors, Martin A and Van Keeken, Olvin A},
  journal={ICES Journal of Marine Science},
  volume={64},
  number={9},
  pages={1641--1649},
  year={2007},
  publisher={Oxford University Press}
}


@article{urtizberea2018,
  title={Preliminary Assessment of Indian Ocean Yellowfin Tuna 1950-2018 (Stock Synthesis, V3.30)},
  author={Urtizberea, A. and Fu, D. and Merino, G and Methot, R and Cardinale, M and Winker, H and Walter, J and Murua, H},
  year={2019},
  publisher={IOTC},
  volume={IOTC-2018-WPTT21-50},
  number={33},
  publisher={IOTC}}

@article{urtizberea2018yft,
  title={Preliminary Assessment of Indian Ocean Yellowfin Tuna 1950-2018 (Stock Synthesis, V3.30)},
  author={Urtizberea, A. and Fu, D  and Merino, G and Methot, R and Cardinale, M and Winker, H and Walter, J and Murua, H},
  year={2019},
  publisher={IOTC},
  volume={IOTC-2018-WPTT21-50},
  number={33},
  publisher={IOTC}}

@article{doubleday1976least,
  title={A least squares approach to analyzing catch at age data},
  author={Doubleday, WG},
  journal={Int. Comm. Northwest Atl. Fish. Res. Bull},
  volume={12},
  number={1},
  pages={69--81},
  year={1976}
}

@article{fournier1982general,
  title={A general theory for analyzing catch at age data},
  author={Fournier, David and Archibald, Chris P},
  journal={Canadian Journal of Fisheries and Aquatic Sciences},
  volume={39},
  number={8},
  pages={1195--1207},
  year={1982},
  publisher={NRC Research Press}
}

@article{maunder2013review,
  title={A review of integrated analysis in fisheries stock assessment},
  author={Maunder, Mark N and Punt, Andr{\'e} E},
  journal={Fisheries Research},
  volume={142},
  pages={61--74},
  year={2013},
  publisher={Elsevier}
}

@article{winker2018jabba,
  title={JABBA: Just Another Bayesian Biomass Assessment},
  author={Winker, Henning and Carvalho, Felipe and Kapur, Maia},
  journal={Fisheries Research},
  volume={204},
  pages={275--288},
  year={2018},
  publisher={Elsevier}
}

@article{carvalho2017can,
  title={Can diagnostic tests help identify model misspecification in integrated stock assessments?},
  author={Carvalho, Felipe and Punt, Andr{\'e} E and Chang, Yi-Jay and Maunder, Mark N and Piner, Kevin R},
  journal={Fisheries Research},
  volume={192},
  pages={28--40},
  year={2017},
  publisher={Elsevier}
}

@inproceedings{kell2019optimising,
  title={Optimising energy and overhead for large parameter space simulations},
  author={Kell, Alexander JM and Forshaw, Matthew and McGough, A Stephen},
  booktitle={2019 Tenth International Green and Sustainable Computing Conference (IGSC)},
  pages={1--8},
  year={2019},
  organization={IEEE}
}

@article{maunder2015contemporary,
  title={Contemporary fisheries stock assessment: many issues still remain},
  author={Maunder, Mark N and Piner, Kevin R},
  journal={ICES Journal of Marine Science},
  volume={72},
  number={1},
  pages={7--18},
  year={2015},
  publisher={Oxford University Press}
}

@article{methot2013stock,
  title={Stock synthesis: a biological and statistical framework for fish stock assessment and fishery management},
  author={Methot, Richard D and Wetzel, Chantell R},
  journal={Fisheries Research},
  volume={142},
  pages={86--99},
  year={2013},
  publisher={Elsevier}
}

@article{lee2012steepness,
  title={Can steepness of the stock--recruitment relationship be estimated in fishery stock assessment models?},
  author={Lee, Hui-Hua and Maunder, Mark N and Piner, Kevin R and Methot, Richard D},
  journal={Fish. Res.},
  volume={125},
  pages={254--261},
  year={2012},
  publisher={Elsevier}
}

@article{lee2011m,
  title={Estimating natural mortality within a fisheries stock assessment model: an evaluation using simulation analysis based on twelve stock assessments},
  author={Lee, Hui-Hua and Maunder, Mark N and Piner, Kevin R and Methot, Richard D},
  journal={Fish. Res.},
  volume={109},
  number={1},
  pages={89--94},
  year={2011},
  publisher={Elsevier}
}

@book{hodges1992you,
  title={Is it you or your model talking?: A framework for model validation},
  author={Hodges, James S and Dewar, James A and Center, Arroyo},
  year={1992},
  publisher={Santa Monica, CA: Rand}
}

@article{hurtado2014looking,
  title={Looking in the rear-view mirror: bias and retrospective patterns in integrated, age-structured stock assessment models},
  author={Hurtado-Ferro, Felipe and Szuwalski, Cody S and Valero, Juan L and Anderson, Sean C and Cunningham, Curry J and Johnson, Kelli F and Licandeo, Roberto and McGilliard, Carey R and Monnahan, Cole C and Muradian, Melissa L and others},
  journal={ICES Journal of Marine Science},
  volume={72},
  number={1},
  pages={99-110},
  year={2015},
  publisher={Oxford University Press}
}

@article{kell2016xval,
  title={Evaluation of the prediction skill of stock assessment using hindcasting},
  author={Kell, Laurence T and Kimoto, Ai and Kitakado, Toshihide},
  journal={Fisheries research},
  volume={183},
  pages={119--127},
  year={2016},
  publisher={Elsevier}
}

@article{huschke1959glossary,
  title={Glossary of meteorology},
  author={Huschke, Ralph E and others},
  journal={ },
  year={1959},
  publisher={American Meteorological Society}
}

@book{glickman2000glossary,
  title={Glossary of meteorology},
  author={Glickman, Todd S and Zenk, Walter},
  year={2000},
  publisher={American Meteorological Society}
}

@article{fricker2013three,
  title={Three recommendations for evaluating climate predictions},
  author={Fricker, Thomas E and Ferro, Christopher AT and Stephenson, David B},
  journal={Meteorological Applications},
  volume={20},
  number={2},
  pages={246--255},
  year={2013},
  publisher={Wiley Online Library}
}

@article{mohn1999retrospective,
  title={The retrospective problem in sequential population analysis: an investigation using cod fishery and simulated data},
  author={Mohn, R},
  journal={ICES Journal of Marine Science},
  volume={56},
  number={4},
  pages={473--488},
  year={1999},
  publisher={Oxford University Press}
}

@article{thygesen2017validation,
  title={Validation of ecological state space models using the Laplace approximation},
  author={Thygesen, Uffe H{\o}gsbro and Albertsen, Christoffer Moesgaard and Berg, Casper Willestofte and Kristensen, Kasper and Nielsen, Anders},
  journal={Environmental and Ecological Statistics},
  volume={24},
  number={2},
  pages={317--339},
  year={2017},
  publisher={Springer}
}

@article{griggs2002climate,
  title={Climate change 2001: the scientific basis. Contribution of working group I to the third assessment report of the intergovernmental panel on climate change},
  author={Griggs, David J and Noguer, Maria},
  journal={Weather},
  volume={57},
  number={8},
  pages={267--269},
  year={2002},
  publisher={Wiley Online Library}
}


@article{taylor2001summarizing,
  title={Summarizing multiple aspects of model performance in a single diagram},
  author={Taylor, Karl E},
  journal={Journal of Geophysical Research: Atmospheres (1984--2012)},
  volume={106},
  number={D7},
  pages={7183--7192},
  year={2001},
  publisher={Wiley Online Library}
}

@article{horbowy2011comparison,
  title={Comparison of stock management with production, difference, and age-structured models using {O}perating {M}odels},
  author={Horbowy, Jan},
  journal={Fisheries Research},
  volume={108},
  number={1},
  pages={153--162},
  year={2011},
  publisher={Elsevier}
}

@article{hyndman2006another,
  title={Another look at measures of forecast accuracy},
  author={Hyndman, Rob J and Koehler, Anne B},
  journal={International journal of forecasting},
  volume={22},
  number={4},
  pages={679--688},
  year={2006},
  publisher={Elsevier}
}

@article{chen2000impacts,
  title={Impacts of outliers and mis-specification of priors on Bayesian fisheries-stock assessment},
  author={Chen, Y and Breen, PA and Andrew, NL},
  journal={Canadian Journal of Fisheries and Aquatic Sciences},
  volume={57},
  number={11},
  pages={2293--2305},
  year={2000},
  publisher={NRC Research Press}
}

@article{anhoj2015diagnostic,
  title={Diagnostic value of run chart analysis: using likelihood ratios to compare run chart rules on simulated data series},
  author={Anh{\o}j, Jacob},
  journal={PloS one},
  volume={10},
  number={3},
  year={2015},
  publisher={Public Library of Science}
}

@article{schilling2012surprising,
  title={The surprising predictability of long runs},
  author={Schilling, Mark F},
  journal={Mathematics Magazine},
  volume={85},
  number={2},
  pages={141--149},
  year={2012},
  publisher={Taylor \& Francis}
}

@article{cox1968general,
  title={A general definition of residuals},
  author={Cox, David R and Snell, E Joyce},
  journal={Journal of the Royal Statistical Society: Series B (Methodological)},
  volume={30},
  number={2},
  pages={248--265},
  year={1968},
  publisher={Wiley Online Library}
}

@article{maunder2006interpreting,
  title={Interpreting catch per unit effort data to assess the status of individual stocks and communities},
  author={Maunder, Mark N and Sibert, John R and Fonteneau, Alain and Hampton, John and Kleiber, Pierre and Harley, Shelton J},
  journal={Ices Journal of marine science},
  volume={63},
  number={8},
  pages={1373--1385},
  year={2006},
  publisher={Oxford University Press}
}

@article{fiorellato2019tt,
  author={Fiorellato, F., and Pierre, L., and Geehan, J.},
  year={2019},
  title={Review of The Statistical Data And Fishery Trends For Tropical Tunas},
  volume={IOTC-2019-WPTT21-08},
  number={33},
  publisher={IOTC}} 

@article{fu2018yft,
  author={Fu, D and Langley, A and Merino, G. and Ijurco, A.U.},
  year={2018},
  title={Preliminary Indian ocean yellowfin tuna stock assessment 1950-2017 (Stock Synthesis)},
  publisher={IOTC},
  volume={IOTC-2018-WPTT20},
  number={33},
  publisher={IOTC}}

@article{hoyle2020scaling,
  title={Scaling factors for multi-region stock assessments, with an application to Indian Ocean tropical tunas},
  author={Hoyle, Simon D and Langley, Adam D},
  journal={Fisheries Research},
  volume={228},
  pages={105586},
  year={2020},
  publisher={Elsevier}
}

@article{hoyle2020ll,
   author={Hoyle, S.D. and Kitakado, T. and Yeh, Y.M. and Wang, S.P. and  Wu, R.F. and Chang, F.C. and Matsumoto, T. and Satoh, K. and Kim, D.N. and Lee, S.I. and  Chassot , E. and and Fu, D.},
  year={2020},
  publisher={IOTC},
  title={IOTC–CPUEWS–05 2018a: Report of the Fifth IOTC CPUE Workshop on Longline Fisheries, May 28th–June 1st, 2018. IOTC–2018–CPUEWS05–R. 27 pp}}

@article{hoyle2020yft,
author={Hoyle, S.D. and Chassot, E. and Fu, D. and Kim, D.N. and Lee, S.I. and Matsumoto, T. and Satoh, K. and Wang, S.P. and Yeh, Y.M. and Kitakado, T.},
  year={2018},
  publisher={IOTC},
  title={Collaborative study of yellowfin tuna CPUE from multiple Indian Ocean longline fleets in 2018},
  volume={IOTC-2018-WPTT20},
  number={33},
  publisher={IOTC}}
 %IOTC–2018–WPM09–12.

%IOTC–WPTT20 2018. Report of the 20th Session of the IOTC Working Party on Tropical Tunas. Seychelles, 29 October – 3 November 2018. IOTC–2018–WPTT20–R[E]: 131 pp.

@article{langley2015yft,
author={Langley, A.},
  year={2015},
  publisher={IOTC},
  title={Stock assessment of yellowfin tuna in the Indian Ocean using Stock Synthesis},
  volume={IOTC-2018-WPTT20},
  number={33},
  publisher={IOTC}}
 % IOTC-2012-WPTT-17-30.

@article{langely2016yft,
  author={Langley, A.},
  year={2015},
  publisher={IOTC},
  title={Stock assessment of yellowfin tuna in the Indian Ocean using Stock Synthesis},
  volume={IOTC-2018-WPTT20},
  number={33},
  publisher={IOTC}}
 % IOTC-2012-WPTT-17-30.

@article{langley2016yft2,
  author={Langley, A.},
  year={2016},
  publisher={IOTC},
  title={An update of the 2015 Indian Ocean Yellowfin Tuna stock assessment for 2016},
  volume={IOTC-2018-WPTT20},
  number={33},
  publisher={IOTC}}
 % IOTC-2016-WPTT18-27.
 
 @misc{wasserstein2016asa,
  title={The ASA statement on p-values: context, process, and purpose},
  author={Wasserstein, Ronald L and Lazar, Nicole A},
  year={2016},
  publisher={Taylor \& Francis}
}
